<record><leader>00000cas a2200000 a 4500</leader><controlfield tag="001">9729436</controlfield><controlfield tag="008">830722d181618uuvtuwr ne      0   a0eng c</controlfield><datafield ind1=" " ind2=" " tag="010"><subfield code="a">sn 83025660 </subfield></datafield><datafield ind1=" " ind2=" " tag="040"><subfield code="a">NPV</subfield><subfield code="b">eng</subfield><subfield code="c">NPV</subfield><subfield code="d">NPX</subfield><subfield code="d">NPV</subfield><subfield code="d">NPX</subfield><subfield code="d">NPA</subfield><subfield code="d">NPU</subfield><subfield code="d">DLC</subfield><subfield code="d">NJW</subfield><subfield code="d">KNP</subfield><subfield code="d">YOX</subfield><subfield code="d">HUL</subfield><subfield code="d">MGN</subfield><subfield code="d">CNK</subfield><subfield code="d">NVK</subfield><subfield code="d">NVN</subfield><subfield code="d">DLC</subfield><subfield code="d">OBN</subfield><subfield code="d">DLC</subfield><subfield code="d">NVN</subfield><subfield code="d">CVF</subfield><subfield code="d">NYS</subfield><subfield code="d">NVF</subfield><subfield code="d">DLC</subfield><subfield code="d">KRTAS</subfield><subfield code="d">OCLCQ</subfield><subfield code="d">OCLCF</subfield><subfield code="d">NDD</subfield></datafield><datafield ind1=" " ind2=" " tag="019"><subfield code="a">13187163</subfield><subfield code="a">13686237</subfield></datafield><datafield ind1=" " ind2=" " tag="042"><subfield code="a">pcc</subfield></datafield><datafield ind1=" " ind2=" " tag="043"><subfield code="a">n-us-vt</subfield></datafield><datafield ind1=" " ind2=" " tag="045"><subfield code="a">w1w4</subfield></datafield><datafield ind1="0" ind2="0" tag="050"><subfield code="a">Newspaper 9958</subfield></datafield><datafield ind1=" " ind2=" " tag="052"><subfield code="a">3753</subfield><subfield code="b">B4</subfield></datafield><datafield ind1="0" ind2=" " tag="130"><subfield code="a">Vermont gazette (Bennington, Vt. : 1816)</subfield></datafield><datafield ind1="1" ind2="0" tag="245"><subfield code="a">Vermont gazette.</subfield></datafield><datafield ind1=" " ind2=" " tag="260"><subfield code="a">Bennington, Vt. :</subfield><subfield code="b">D. Clark,</subfield><subfield code="c">1816-</subfield></datafield><datafield ind1=" " ind2=" " tag="300"><subfield code="a">v.</subfield></datafield><datafield ind1=" " ind2=" " tag="310"><subfield code="a">Weekly</subfield></datafield><datafield ind1="0" ind2=" " tag="362"><subfield code="a">Vol. 7, no. 42 (June 18, 1816)- = whole no. 354-</subfield></datafield><datafield ind1=" " ind2=" " tag="500"><subfield code="a">Published in East Bennington, Vt., &lt;Feb. 23, 1848-1849&gt;.</subfield></datafield><datafield ind1=" " ind2=" " tag="500"><subfield code="a">Published by: Darius Clark, 1816-&lt;1824&gt;; Charles Doolittle,1824-&lt;1826&gt;; Darius Clark,1826-&lt;1832&gt;; John C. Haswell, 1832-</subfield></datafield><datafield ind1=" " ind2=" " tag="530"><subfield code="a">Also issued on microfilm from the Library of Congress, Photoduplication Service.</subfield></datafield><datafield ind1=" " ind2="0" tag="651"><subfield code="a">Bennington (Vt.)</subfield><subfield code="v">Newspapers.</subfield></datafield><datafield ind1=" " ind2="0" tag="651"><subfield code="a">Bennington County (Vt.)</subfield><subfield code="v">Newspapers.</subfield></datafield><datafield ind1=" " ind2="7" tag="651"><subfield code="a">Vermont</subfield><subfield code="z">Bennington.</subfield><subfield code="2">fast</subfield><subfield code="0">(OCoLC)fst01215895</subfield></datafield><datafield ind1=" " ind2="7" tag="651"><subfield code="a">Vermont</subfield><subfield code="z">Bennington County.</subfield><subfield code="2">fast</subfield><subfield code="0">(OCoLC)fst01224329</subfield></datafield><datafield ind1=" " ind2="7" tag="655"><subfield code="a">Newspapers.</subfield><subfield code="2">fast</subfield><subfield code="0">(OCoLC)fst01423814</subfield></datafield><datafield ind1=" " ind2=" " tag="752"><subfield code="a">United States</subfield><subfield code="b">Vermont</subfield><subfield code="c">Bennington</subfield><subfield code="d">Bennington.</subfield></datafield><datafield ind1="0" ind2="0" tag="780"><subfield code="t">Green-Mountain farmer (Bennington, Vt.)</subfield><subfield code="w">(DLC)sn 83025659</subfield><subfield code="w">(OCoLC)9729374</subfield></datafield><datafield ind1=" " ind2=" " tag="938"><subfield code="a">Kirtas Technologies, Inc.</subfield><subfield code="b">KRTS</subfield><subfield code="n">737144</subfield></datafield><datafield ind1="1" ind2=" " tag="029"><subfield code="a">AU@</subfield><subfield code="b">000042141076</subfield></datafield></record>